@article{BetancourtEtAl:2014b,
Author = {},
Journal = {},
Month = {},
Title = {},
Volume = {},
Year = {}
}

@book{BernardoEtAl:2009,
	Author = {},
	Publisher = {},
	Series = {},
	Title = {},
	Year = {}
}

